% Encoding: UTF-8

@Conference{Hochberger2017,
  author = {Christian Hochberger},
  title  = {High-Level Synthesis (Lecture)},
  year   = {2017},
}

@Comment{jabref-meta: databaseType:bibtex;}
